@online{cornell_openmp_history,
  author       = {Cornell},
  title        = {OpenMP: History and Evolution},
  year         = {2023},
  url          = {https://cvw.cac.cornell.edu/openmp/intro/history-evolution},
  note         = {Acessado em: 18 out. 2025},
  organization = {Cornell University Center for Advanced Computing}
}
